@inproceedings{freeman2014laces,
  title={Laces: Live authoring through compositing and editing of streaming video},
  author={Freeman, Dustin and Santosa, Stephanie and Chevalier, Fanny and Balakrishnan, Ravin and Singh, Karan},
  booktitle={Proceedings of the SIGCHI Conference on Human Factors in Computing Systems},
  pages={1207--1216},
  year={2014}
};
@inproceedings{zheng2015eye,
  title={Eye-wearable technology for machine maintenance: Effects of display position and hands-free operation},
  author={Zheng, Xianjun Sam and Foucault, Cedric and Matos da Silva, Patrik and Dasari, Siddharth and Yang, Tao and Goose, Stuart},
  booktitle={Proceedings of the 33rd Annual ACM Conference on Human Factors in Computing Systems},
  pages={2125--2134},
  year={2015}
};
@inproceedings{bostan2017hands,
  title={Hands as a controller: User preferences for hand specific on-skin gestures},
  author={Bostan, Idil and Buruk, O{\u{g}}uz Turan and Canat, Mert and Tezcan, Mustafa Ozan and Yurdakul, Celalettin and G{\"o}ksun, Tilbe and {\"O}zcan, O{\u{g}}uzhan},
  booktitle={Proceedings of the 2017 Conference on Designing Interactive Systems},
  pages={1123--1134},
  year={2017}
};
@inproceedings{istance2008snap,
  title={Snap clutch, a moded approach to solving the Midas touch problem},
  author={Istance, Howell and Bates, Richard and Hyrskykari, Aulikki and Vickers, Stephen},
  booktitle={Proceedings of the 2008 symposium on Eye tracking research \& applications},
  pages={221--228},
  year={2008}
};
@inproceedings{tung2015user,
  title={User-defined game input for smart glasses in public space},
  author={Tung, Ying-Chao and Hsu, Chun-Yen and Wang, Han-Yu and Chyou, Silvia and Lin, Jhe-Wei and Wu, Pei-Jung and Valstar, Andries and Chen, Mike Y},
  booktitle={Proceedings of the 33rd Annual ACM Conference on Human Factors in Computing Systems},
  pages={3327--3336},
  year={2015}
};
@article{groenewald2016understanding,
  title={Understanding 3D mid-air hand gestures with interactive surfaces and displays: a systematic literature review},
  author={Groenewald, Celeste and Anslow, Craig and Islam, Junayed and Rooney, Chris and Passmore, Peter J and Wong, BL},
  year={2016},
  publisher={British Computer Society}
};
@article{aigner2012understanding,
  title={Understanding mid-air hand gestures: A study of human preferences in usage of gesture types for hci},
  author={Aigner, Roland and Wigdor, Daniel and Benko, Hrvoje and Haller, Michael and Lindbauer, David and Ion, Alexandra and Zhao, Shengdong and Koh, JTKV},
  journal={Microsoft Research TechReport MSR-TR-2012-111},
  volume={2},
  pages={30},
  year={2012}
};
@inproceedings{damen2012egocentric,
  title={Egocentric real-time workspace monitoring using an rgb-d camera},
  author={Damen, Dima and Gee, Andrew and Mayol-Cuevas, Walterio and Calway, Andrew},
  booktitle={2012 IEEE/RSJ International Conference on Intelligent Robots and Systems},
  pages={1029--1036},
  year={2012},
  organization={IEEE}
};
@inproceedings{mohr2015retargeting,
  title={Retargeting technical documentation to augmented reality},
  author={Mohr, Peter and Kerbl, Bernhard and Donoser, Michael and Schmalstieg, Dieter and Kalkofen, Denis},
  booktitle={Proceedings of the 33rd Annual ACM Conference on Human Factors in Computing Systems},
  pages={3337--3346},
  year={2015}
};
@inproceedings{bhattacharya2015method,
  title={A method for real-time generation of augmented reality work instructions via expert movements},
  author={Bhattacharya, Bhaskar and Winer, Eliot},
  booktitle={The Engineering Reality of Virtual Reality 2015},
  volume={9392},
  pages={93920G},
  year={2015},
  organization={International Society for Optics and Photonics}
};
@inproceedings{petersen2013real,
  title={Real-time modeling and tracking manual workflows from first-person vision},
  author={Petersen, Nils and Pagani, Alain and Stricker, Didier},
  booktitle={2013 IEEE International symposium on mixed and augmented reality (ISMAR)},
  pages={117--124},
  year={2013},
  organization={IEEE}
};
@article{mura2013ibes,
  title={IBES: a tool for creating instructions based on event segmentation},
  author={Mura, Katharina and Petersen, Nils and Huff, Markus and Ghose, Tandra},
  journal={Frontiers in psychology},
  volume={4},
  pages={994},
  year={2013},
  publisher={Frontiers}
};
@inproceedings{servan2012using,
  title={Using augmented reality in AIRBUS A400M shop floor assembly work instructions},
  author={Serv{\'a}n, Javier and Mas, F and Men{\'e}ndez, JL and R{\'\i}os, J},
  booktitle={Aip conference proceedings},
  volume={1431},
  number={1},
  pages={633--640},
  year={2012},
  organization={American Institute of Physics}
};
@inproceedings{petersen2012learning,
  title={Learning task structure from video examples for workflow tracking and authoring},
  author={Petersen, Nils and Stricker, Didier},
  booktitle={2012 IEEE International Symposium on Mixed and Augmented Reality (ISMAR)},
  pages={237--246},
  year={2012},
  organization={IEEE}
};
@article{vignais2013innovative,
  title={Innovative system for real-time ergonomic feedback in industrial manufacturing},
  author={Vignais, Nicolas and Miezal, Markus and Bleser, Gabriele and Mura, Katharina and Gorecky, Dominic and Marin, Fr{\'e}d{\'e}ric},
  journal={Applied ergonomics},
  volume={44},
  number={4},
  pages={566--574},
  year={2013},
  publisher={Elsevier}
};
@article{chen2015automated,
  title={Automated positioning of 3D virtual scene in AR-based assembly and disassembly guiding system},
  author={Chen, CJ and Hong, J and Wang, SF},
  journal={The International Journal of Advanced Manufacturing Technology},
  volume={76},
  number={5-8},
  pages={753--764},
  year={2015},
  publisher={Springer}
};
@inproceedings{radkowski2013natural,
  title={Natural feature tracking augmented reality for on-site assembly assistance systems},
  author={Radkowski, Rafael and Oliver, James},
  booktitle={International Conference on Virtual, Augmented and Mixed Reality},
  pages={281--290},
  year={2013},
  organization={Springer}
};
@inproceedings{zhu2014ar,
  title={AR-mentor: Augmented reality based mentoring system},
  author={Zhu, Zhiwei and Branzoi, Vlad and Wolverton, Michael and Murray, Glen and Vitovitch, Nicholas and Yarnall, Louise and Acharya, Girish and Samarasekera, Supun and Kumar, Rakesh},
  booktitle={2014 IEEE International Symposium on Mixed and Augmented Reality (ISMAR)},
  pages={17--22},
  year={2014},
  organization={IEEE}
};
@article{rentzos2013augmented,
  title={Augmented reality for human-based assembly: using product and process semantics},
  author={Rentzos, Loukas and Papanastasiou, Stergios and Papakostas, Nikolaos and Chryssolouris, George},
  journal={IFAC Proceedings Volumes},
  volume={46},
  number={15},
  pages={98--101},
  year={2013},
  publisher={Elsevier}
}ï¼›
@inproceedings{friedrich2002arvika,
  title={ARVIKA-Augmented Reality for Development, Production and Service.},
  author={Friedrich, Wolfgang and Jahn, D and Schmidt, L},
  booktitle={ISMAR},
  volume={2002},
  pages={3--4},
  year={2002},
  organization={Citeseer}
};
@inproceedings{andersen2009interactive,
  title={Interactive assembly guide using augmented reality},
  author={Andersen, Martin and Andersen, R and Larsen, C and Moeslund, Thomas B and Madsen, Ole},
  booktitle={International Symposium on Visual Computing},
  pages={999--1008},
  year={2009},
  organization={Springer}
};
@article{chen2016augmented,
  title={An augmented-reality-based concept map to support mobile learning for science},
  author={Chen, Chien-Hsu and Chou, Yin-Yu and Huang, Chun-Yen},
  journal={The Asia-Pacific Education Researcher},
  volume={25},
  number={4},
  pages={567--578},
  year={2016},
  publisher={Springer}
};
@article{sweeney2018using,
  title={Using augmented reality and virtual environments in historic places to scaffold historical empathy},
  author={Sweeney, Sara K and Newbill, Phyllis and Ogle, Todd and Terry, Krista},
  journal={TechTrends},
  volume={62},
  number={1},
  pages={114--118},
  year={2018},
  publisher={Springer}
};
@inproceedings{ruiz2011doubleflip,
  title={DoubleFlip: a motion gesture delimiter for mobile interaction},
  author={Ruiz, Jaime and Li, Yang},
  booktitle={Proceedings of the SIGCHI Conference on Human Factors in Computing Systems},
  pages={2717--2720},
  year={2011}
};
@inproceedings{kerber2015wristrotate,
  title={WristRotate: a personalized motion gesture delimiter for wrist-worn devices},
  author={Kerber, Frederic and Schardt, Philipp and L{\"o}chtefeld, Markus},
  booktitle={Proceedings of the 14th international conference on mobile and ubiquitous multimedia},
  pages={218--222},
  year={2015}
};
@inproceedings{liu2004hand,
  title={Hand gesture recognition using depth data},
  author={Liu, Xia and Fujimura, Kikuo},
  booktitle={Sixth IEEE International Conference on Automatic Face and Gesture Recognition, 2004. Proceedings.},
  pages={529--534},
  year={2004},
  organization={IEEE}
};
@article{shatilov2019emerging,
  title={Emerging Natural User Interfaces in Mobile Computing: A Bottoms-Up Survey},
  author={Shatilov, Kirill A and Chatzopoulos, Dimitris and Lee, Lik-Hang and Hui, Pan},
  journal={arXiv preprint arXiv:1911.04794},
  year={2019}
};
@inproceedings{bertarini2014smart,
  title={Smart glasses: Interaction, privacy and social implications},
  author={Bertarini, Marcia},
  booktitle={Ubiquitous Computing Seminar FS2014 Student report},
  year={2014},
  organization={Citeseer}
};
@article{lee2018interaction,
  title={Interaction methods for smart glasses: A survey},
  author={Lee, Lik-Hang and Hui, Pan},
  journal={IEEE Access},
  volume={6},
  pages={28712--28732},
  year={2018},
  publisher={IEEE}
};
@inproceedings{vtyurina2018exploring,
  title={Exploring the role of conversational cues in guided task support with virtual assistants},
  author={Vtyurina, Alexandra and Fourney, Adam},
  booktitle={Proceedings of the 2018 CHI Conference on Human Factors in Computing Systems},
  pages={1--7},
  year={2018}
};
@inproceedings{brudy2018eagleview,
  title={EagleView: A Video Analysis Tool for Visualising and Querying Spatial Interactions of People and Devices},
  author={Brudy, Frederik and Suwanwatcharachat, Suppachai and Zhang, Wenyu and Houben, Steven and Marquardt, Nicolai},
  booktitle={Proceedings of the 2018 ACM International Conference on Interactive Surfaces and Spaces},
  pages={61--72},
  year={2018}
};
@article{wang2015video,
  title={Video affective content analysis: a survey of state-of-the-art methods},
  author={Wang, Shangfei and Ji, Qiang},
  journal={IEEE Transactions on Affective Computing},
  volume={6},
  number={4},
  pages={410--430},
  year={2015},
  publisher={IEEE}
};
@inproceedings{yi2016glassgesture,
  title={Glassgesture: Exploring head gesture interface of smart glasses},
  author={Yi, Shanhe and Qin, Zhengrui and Novak, Ed and Yin, Yafeng and Li, Qun},
  booktitle={IEEE INFOCOM 2016-The 35th Annual IEEE International Conference on Computer Communications},
  pages={1--9},
  year={2016},
  organization={IEEE}
};
@inproceedings{yan2019privatetalk,
  title={PrivateTalk: Activating Voice Input with Hand-On-Mouth Gesture Detected by Bluetooth Earphones},
  author={Yan, Yukang and Yu, Chun and Shi, Yingtian and Xie, Minxing},
  booktitle={Proceedings of the 32nd Annual ACM Symposium on User Interface Software and Technology},
  pages={1013--1020},
  year={2019}
};
@inproceedings{kollee2014exploring,
  title={Exploring gestural interaction in smart spaces using head mounted devices with ego-centric sensing},
  author={Kollee, Barry and Kratz, Sven and Dunnigan, Anthony},
  booktitle={Proceedings of the 2nd ACM symposium on Spatial user interaction},
  pages={40--49},
  year={2014}
};
@inproceedings{jones2010gestext,
  title={GesText: accelerometer-based gestural text-entry systems},
  author={Jones, Eleanor and Alexander, Jason and Andreou, Andreas and Irani, Pourang and Subramanian, Sriram},
  booktitle={Proceedings of the SIGCHI Conference on Human Factors in Computing Systems},
  pages={2173--2182},
  year={2010}
};
@inproceedings{wahl2015using,
  title={Using smart eyeglasses as a wearable game controller},
  author={Wahl, Florian and Freund, Martin and Amft, Oliver},
  booktitle={Adjunct Proceedings of the 2015 ACM International Joint Conference on Pervasive and Ubiquitous Computing and Proceedings of the 2015 ACM International Symposium on Wearable Computers},
  pages={377--380},
  year={2015}
};
@inproceedings{slambekova2012gaze,
  title={Gaze and gesture based object manipulation in virtual worlds},
  author={Slambekova, Dana and Bailey, Reynold and Geigel, Joe},
  booktitle={Proceedings of the 18th ACM symposium on Virtual reality software and technology},
  pages={203--204},
  year={2012}
};
@inproceedings{tuisku2008now,
  title={Now Dasher! Dash away! Longitudinal study of fast text entry by eye gaze},
  author={Tuisku, Outi and Majaranta, P{\"a}ivi and Isokoski, Poika and R{\"a}ih{\"a}, Kari-Jouko},
  booktitle={Proceedings of the 2008 symposium on Eye tracking research \& applications},
  pages={19--26},
  year={2008}
}
@inproceedings{toyama2012gaze,
  title={Gaze guided object recognition using a head-mounted eye tracker},
  author={Toyama, Takumi and Kieninger, Thomas and Shafait, Faisal and Dengel, Andreas},
  booktitle={Proceedings of the Symposium on Eye Tracking Research and Applications},
  pages={91--98},
  year={2012}
};
@inproceedings{khuong2014effectiveness,
  title={The effectiveness of an AR-based context-aware assembly support system in object assembly},
  author={Khuong, Bui Minh and Kiyokawa, Kiyoshi and Miller, Andrew and La Viola, Joseph J and Mashita, Tomohiro and Takemura, Haruo},
  booktitle={2014 IEEE Virtual Reality (VR)},
  pages={57--62},
  year={2014},
  organization={IEEE}
};
@article{hervas2013assistive,
  title={An assistive navigation system based on augmented reality and context awareness for people with mild cognitive impairments},
  author={Herv{\'a}s, Ram{\'o}n and Bravo, Jos{\'e} and Fontecha, Jes{\'u}s},
  journal={IEEE Journal of Biomedical and Health Informatics},
  volume={18},
  number={1},
  pages={368--374},
  year={2013},
  publisher={IEEE}
};
@incollection{bace2016ubigaze,
  title={ubiGaze: ubiquitous augmented reality messaging using gaze gestures},
  author={B{\^a}ce, Mihai and Lepp{\"a}nen, Teemu and De Gomez, David Gil and Gomez, Argenis Ramirez},
  booktitle={SIGGRAPH ASIA 2016 Mobile Graphics and Interactive Applications},
  pages={1--5},
  year={2016}
};
@inproceedings{schuchert2012sensing,
  title={Sensing visual attention using an interactive bidirectional HMD},
  author={Schuchert, Tobias and Voth, Sascha and Baumgarten, Judith},
  booktitle={Proceedings of the 4th Workshop on Eye Gaze in Intelligent Human Machine Interaction},
  pages={1--3},
  year={2012}
};
@inproceedings{kangas2014gaze,
  title={Gaze gestures and haptic feedback in mobile devices},
  author={Kangas, Jari and Akkil, Deepak and Rantala, Jussi and Isokoski, Poika and Majaranta, P{\"a}ivi and Raisamo, Roope},
  booktitle={Proceedings of the SIGCHI Conference on Human Factors in Computing Systems},
  pages={435--438},
  year={2014}
};
@article{wang2016comprehensive,
  title={A comprehensive survey of augmented reality assembly research},
  author={Wang, Xiangyu and Ong, Soh K and Nee, Andrew YC},
  journal={Advances in Manufacturing},
  volume={4},
  number={1},
  pages={1--22},
  year={2016},
  publisher={Springer}
};
@article{chandrasegaran2013evolution,
  title={The evolution, challenges, and future of knowledge representation in product design systems},
  author={Chandrasegaran, Senthil K and Ramani, Karthik and Sriram, Ram D and Horv{\'a}th, Imr{\'e} and Bernard, Alain and Harik, Ramy F and Gao, Wei},
  journal={Computer-aided design},
  volume={45},
  number={2},
  pages={204--228},
  year={2013},
  publisher={Elsevier}
};
@article{zhu2013authorable,
  title={An authorable context-aware augmented reality system to assist the maintenance technicians},
  author={Zhu, J and Ong, SK and Nee, AYC},
  journal={The International Journal of Advanced Manufacturing Technology},
  volume={66},
  number={9-12},
  pages={1699--1714},
  year={2013},
  publisher={Springer}
};
@inproceedings{sukan2014parafrustum,
  title={ParaFrustum: visualization techniques for guiding a user to a constrained set of viewing positions and orientations},
  author={Sukan, Mengu and Elvezio, Carmine and Oda, Ohan and Feiner, Steven and Tversky, Barbara},
  booktitle={Proceedings of the 27th annual ACM symposium on User interface software and technology},
  pages={331--340},
  year={2014}
};
@inproceedings{henderson2011augmented,
  title={Augmented reality in the psychomotor phase of a procedural task},
  author={Henderson, Steven J and Feiner, Steven K},
  booktitle={2011 10th IEEE International Symposium on Mixed and Augmented Reality},
  pages={191--200},
  year={2011},
  organization={IEEE}
};
@inproceedings{neumann1998cognitive,
  title={Cognitive, performance, and systems issues for augmented reality applications in manufacturing and maintenance},
  author={Neumann, Ulrich and Majoros, Anthony},
  booktitle={Proceedings. IEEE 1998 Virtual Reality Annual International Symposium (Cat. No. 98CB36180)},
  pages={4--11},
  year={1998},
  organization={IEEE}
};
@article{bhattacharya2019augmented,
  title={Augmented reality via expert demonstration authoring (AREDA)},
  author={Bhattacharya, Bhaskar and Winer, Eliot H},
  journal={Computers in Industry},
  volume={105},
  pages={61--79},
  year={2019},
  publisher={Elsevier}
};
@article{lee2008context,
  title={Context-aware 3D visualization and collaboration services for ubiquitous cars using augmented reality},
  author={Lee, Jae Yeol and Rhee, Guewon},
  journal={The International Journal of Advanced Manufacturing Technology},
  volume={37},
  number={5-6},
  pages={431--442},
  year={2008},
  publisher={Springer}
}ï¼›
